<?xml version="1.0" encoding="UTF-8"?><collection xmlns="http://www.loc.gov/MARC21/slim"><record><leader>00541nam--2200193-u-4500</leader><controlfield tag="001">000053306</controlfield><controlfield tag="002">20161230</controlfield><controlfield tag="005">20161230201051</controlfield><controlfield tag="008">110202s1000------------r-----000-0-eng-d</controlfield><datafield ind1=" " ind2=" " tag="020"><subfield code="a">9739874234</subfield></datafield><datafield ind1=" " ind2=" " tag="040"><subfield code="a">IFIN-HH</subfield></datafield><datafield ind1=" " ind2=" " tag="080"><subfield code="a">535.36:535.8</subfield></datafield><datafield ind1="1" ind2=" " tag="100"><subfield code="a">Vlad,Valentin I</subfield></datafield><datafield ind1="1" ind2="0" tag="245"><subfield code="a">Stimulated brillouin scatering</subfield><subfield code="c">Valentin i. vlad; michael j. damzen ; vasile babin; anca mocofanescu</subfield></datafield><datafield ind1=" " ind2=" " tag="260"><subfield code="a">Bucharest</subfield><subfield code="b">Inoe 2000</subfield><subfield code="c">1998</subfield></datafield><datafield ind1=" " ind2=" " tag="300"><subfield code="a">120P</subfield></datafield><datafield ind1="1" ind2=" " tag="700"><subfield code="a">Mocofanescu, Anca</subfield></datafield><datafield ind1=" " ind2=" " tag="852"><subfield code="a">82314</subfield><subfield code="c">535</subfield></datafield><datafield ind1=" " ind2=" " tag="CAT"><subfield code="a">Sys</subfield><subfield code="c">20110406</subfield><subfield code="h">135540</subfield></datafield></record></collection>